@inproceedings{carns200924,
  title={24/7 characterization of petascale {I/O} workloads},
  author={Carns, Philip and Latham, Robert and Ross, Robert and Iskra, Kamil and Lang, Samuel and Riley, Katherine},
  booktitle={Cluster Computing and Workshops, 2009. CLUSTER'09. IEEE International Conference on},
  pages={1--10},
  year={2009},
  organization={IEEE}
}
